@misc{ Nobody06,
       author = "Nobody Jr",
       title = "My Article",
       year = "2006" }

 @misc{ Guassian,
     author    = "Shoudong Huang,  Gamini Dissanayake",
     title     = "Robot Localization: An Introduction",
     url       = "https://onlinelibrary.wiley.com/doi/full/10.1002/047134608X.W8318"
 }
@book{robbook,
    author = "Howie Choset, Kevin Lynch, Seth Hutchinson,",
    title  = "Principles of Robot Motion ",
    year   = "2005"
}
